<?xml version="1.0" encoding="UTF-8"?><record xmlns="http://www.loc.gov/MARC21/slim" xmlns:cinclude="http://apache.org/cocoon/include/1.0" xmlns:zs="http://www.loc.gov/zing/srw/">
  <leader>01036cz  a2200157n  4500</leader>
  <controlfield tag="001">n  80064960 </controlfield>
  <controlfield tag="003">DLC</controlfield>
  <controlfield tag="005">20120809081038.0</controlfield>
  <controlfield tag="008">800708n| acannaab           |b ana      </controlfield>
  <datafield tag="010" ind1=" " ind2=" ">
    <subfield code="a">n  80064960 </subfield>
  </datafield>
  <datafield tag="040" ind1=" " ind2=" ">
    <subfield code="a">DLC</subfield>
    <subfield code="b">eng</subfield>
    <subfield code="c">DLC</subfield>
    <subfield code="d">DLC</subfield>
  </datafield>
  <datafield tag="111" ind1="2" ind2=" ">
    <subfield code="a">Unesco/IHP Workshop on Impact of Urbanization and Industrialization on Regional and National Water Planning and Management</subfield>
    <subfield code="d">(1977 :</subfield>
    <subfield code="c">Zandvoort, Netherlands)</subfield>
  </datafield>
  <datafield tag="411" ind1="2" ind2=" ">
    <subfield code="w">nnaa</subfield>
    <subfield code="a">Unesco/IHP Workshop on Impact of Urbanization and Industrialization on Regional and National Water Planning and Management,</subfield>
    <subfield code="c">Zandvoort, Netherlands,</subfield>
    <subfield code="d">1977.</subfield>
  </datafield>
  <datafield tag="411" ind1="2" ind2=" ">
    <subfield code="a">Workshop on Impact of Urbanization and Industrialization on Regional and National Water Planning and Management,</subfield>
    <subfield code="c">Zandvoort, Netherlands,</subfield>
    <subfield code="d">1977</subfield>
  </datafield>
  <datafield tag="667" ind1=" " ind2=" ">
    <subfield code="a">THIS 1XX FIELD CANNOT BE USED UNDER RDA UNTIL THIS RECORD HAS BEEN REVIEWED AND/OR UPDATED</subfield>
  </datafield>
  <datafield tag="670" ind1=" " ind2=" ">
    <subfield code="a">Its Impact ... 1979:</subfield>
    <subfield code="b">t.p. (Unesco/IHP Workshop on Impact of Urbanization and Industrialization on Regional and National Water Planning and Management, Zandvoort, Netherlands, 10/10-14/77)</subfield>
  </datafield>
</record>